
@incollection{alfred2014algorithms,
title = "Algorithms for Finding Patterns in Strings",
editor = "Jan van LEEUWEN",
booktitle = "Algorithms and Complexity",
publisher = "Elsevier",
pages = "255--300",
year = "1990",
series = "Handbook of Theoretical Computer Science [online]",
isbn = "978-0-444-88071-0",
url = "http://www.sciencedirect.com/science/article/pii/B9780444880710500102",
author = "Alfred V. AHO",
note = {[cit. 10. 1. 2020]}
}

@misc{schmidref,
  author    = "Markus L. SCHMID",
  title     = "Regular Expressions with Backreferences: Polynomial-Time Matching
               Techniques",
  publisher = {CoRR},
  howpublished={[online]},
  eprint={1903.05896},
  archivePrefix={arXiv},
  primaryClass={cs.FL},
  year      = "2019",
  note = {[cit. 12. 1. 2020]},
  url       = {http://arxiv.org/abs/1903.05896}
}

@ARTICLE{campeanu,
author = "CÂMPEANU, Cezar and SALOMAA, Kai and YU, Sheng",
title = "A formal study of practical regular expressions",
journal = "International Journal of Foundations of Computer Science",
volume = "14",
number = "06",
pages = "1007--1018",
year = "2003",
issn = "0129-0541"
}

@misc{pcre,
 title      = "pcrepattern man page [online]",
 howpublished={University of Cambridge Computing Service},
 author        = "Philip HAZEL",
 publisher  = "University of Cambridge Computing Service",
 address   = "CB2 3QH, England",
 year       = "2016",
 month      = "October",
 url = "https://www.pcre.org/original/doc/html/pcrepattern.html",
 note = {[cit. 23. 5. 2020]}
}

@inproceedings{berglund,
  author = "Martin BERGLUND and Brink van der MERWE",
  title = "Regular Expressions with Backreferences Re-examined",
  booktitle = "Prague Stringology Conference 2017",
  publisher = "CTU in Prague, Faculty of Information Technology,
               Department of Theoretical Computer Science",

  editor = "Jan HOLUB and Jan ŽĎÁREK",
  isbn = "978-80-01-06193-0",
  year = 2017,
  pages = "30--41",
  address="Prague"
}

@ARTICLE{fsdeter,
  title="Deterministic regular expressions with back-references",
  author="FREYDENBERGER, Dominik D and SCHMID, Markus L",
  journal="Journal of Computer and System Sciences",
  volume="105",
  pages="1--39",
  year="2019",
  publisher="Elsevier",
  issn="0022-0000",
  url={https://www.sciencedirect.com/science/article/pii/S0022000018301818}
	
}

@incollection{schmidrefwords,
author="SCHMID, Markus L.",
editor="SHUR, Arseny M.
and VOLKOV, Mikhail V.",
title="Characterising REGEX Languages by Regular Languages Equipped with Factor-Referencing",
booktitle="Developments in Language Theory",
series = "International Conference on Developments in Language Theory [online]",
volume="249",
year="2014",
publisher="Springer International Publishing",
pages="142--153",
isbn="978-3-319-09698-8",
note = {[cit. 22. 2. 2020]},
url = {https://link.springer.com/chapter/10.1007/978-3-319-09698-8_13}
}

@incollection{schmidregex,
author="SCHMID, Markus L.",
editor="YEN, Hsu-Chun
and IBARRA, Oscar H.",
title="Inside the Class of REGEX Languages",
series = "International Conference on Developments in Language Theory [online]",
booktitle="Developments in Language Theory",
year="2012",
publisher="Springer Berlin Heidelberg",
address="Berlin, Heidelberg",
pages="73--84",
isbn="978-3-642-31653-1",
note = {[cit. 22.~2.~2020]},
url ={https://link.springer.com/chapter/10.1007/978-3-642-31653-1_8}
}


@BOOK{hopcroft,
  title="Introduction to Automata Theory, Languages, and Computation",
  author="HOPCROFT, John E and MOTWANI, Rajeev and ULLMAN, Jeffrey D",
  edition="3",
	year = {2006},
  address="Boston",
isbn = {978-0-321-45536-9},
  publisher="Addison-Wesley"
}

@BOOK{sestakova,
  title="AUTOMATY A GRAMATIKY. Sbírka řešených příkladů",
  author="ŠESTÁKOVÁ, E.",
  year="2017",
  address={Praha},
  isbn = {978-80-01-06306-4},
  publisher="Česká technika -- nakladatelství ČVUT"
}

@article{holzer,
   title="Multi-Head Finite Automata: Characterizations, Concepts and Open Problems",
   journal="Electronic Proceedings in Theoretical Computer Science",
   publisher="Open Publishing Association",
   author="Holzer, Markus and Kutrib, Martin and Malcher, Andreas",
   year="2009",
   pages="93–-107"
}


@phdthesis{schmidthesis, 
	title="On the Membership Problem for Pattern Languages and Related Topics",
	school="Loughborough University",
	author="Schmid, Markus L.",
	year="2012"}

@article{eggan,
author = "EGGAN, L. C.",
journal = "Michigan Mathematical Journal",
number = "4",
pages = "385--397",
publisher = "University of Michigan, Department of Mathematics",
title = "Transition graphs and the star-height of regular events",
url = "https://doi.org/10.1307/mmj/1028998975",
issn = {0026-2285},
volume = "10",
year = "1963"
}

@misc{ndtmsim, 
title={Multitape Nondeterministic Turing Machine simulator {[online]}}, 
howpublished={{GeeksforGeeks}},
url={https://www.geeksforgeeks.org/multitape-nondeterministic-turing-machine-simulator}, 
year={2019}, month={Aug}, note = {[cit. 27. 4. 2020]}} 
	
@book{posix,
  title={IEEE Std 1003.1-2017 (Revision of IEEE Std 1003.1-2008). IEEE Standard for Information Technology--Portable Operating System Interface (POSIX(R)) Base Specifications, Issue 7},
  isbn={978-1-504-44963-2},
  year = {2018},
  pages={228--243},
  url ={{https://pubs.opengroup.org/onlinepubs/9699919799/}},
  publisher = {{IEEE and The Open Group}}
}

@book{aho_lam_sethi_ullman_2007, address={Boston}, edition={2}, title={Compilers: Trinciples, Techniques, and Tools}, publisher={Pearson / Addison-Wesley}, author={AHO, Alfred V. and LAM, Monica S. and SETHI, Ravi and ULLMAN, Jeffrey D.}, year={2007}, isbn={978-0-321-48681-3}} 